% This file was created with JabRef 2.8.1.
% Encoding: Cp1252

@article{brockett1983asymptotic,
  title={Asymptotic stability and feedback stabilization},
  author={Brockett, Roger W and others},
  journal={Differential geometric control theory},
  volume={27},
  number={1},
  pages={181--191},
  year={1983},
  publisher={Birkhauser, Boston, MA}
}

@article{wilson1967structure,
  title={The structure of the level surfaces of a Lyapunov function},
  author={Wilson, F Wesley},
  journal={Journal of Differential Equations},
  volume={3},
  number={3},
  pages={323--329},
  year={1967},
  publisher={Elsevier}
}

@book{coron2007control,
  title={Control and nonlinearity},
  author={Coron, Jean-Michel},
  number={136},
  year={2007},
  publisher={American Mathematical Soc.}
}

@article{orsi2003necessary,
  title={Necessary conditions for stability and attractivity of continuous systems},
  author={Orsi, Robert and Praly, L and Mareels, Iven},
  journal={International Journal of Control},
  volume={76},
  number={11},
  pages={1070--1077},
  year={2003},
  publisher={Taylor \& Francis}
}

@article{colonius2012nichtlineare,
  title={Nichtlineare Kontrolltheorie Sommersemester 2012},
  author={Colonius, Fritz},
  year={2012}
}

@article{stern2002brockett,
  title={Brockett's stabilization condition under state constraints},
  author={Stern, RJ},
  journal={Systems \& control letters},
  volume={47},
  number={4},
  pages={335--341},
  year={2002},
  publisher={Elsevier}
}

@book{sontag2013mathematical,
  title={Mathematical control theory: deterministic finite dimensional systems},
  author={Sontag, Eduardo D},
  volume={6},
  year={2013},
  publisher={Springer Science \& Business Media}
}

@inproceedings{oriolo1991control,
  title={Control of mechanical systems with second-order nonholonomic constraints: Underactuated manipulators},
  author={Oriolo, Giuseppe and Nakamura, Yoshihiko},
  booktitle={Decision and Control, 1991., Proceedings of the 30th IEEE Conference on},
  pages={2398--2403},
  year={1991},
  organization={IEEE}
}

@book{grosche2003teubner,
  title={Teubner-Taschenbuch der Mathematik},
  author={Grosche, G{\"u}nter and Ziegler, Viktor and Zeidler, Eberhard and Ziegler, Dorothea},
  year={2003},
  publisher={Springer-Verlag}
}

@article{rudin2009analysis,
  title={Analysis, 4},
  author={Rudin, Walter},
  journal={Aufl. Oldenburg, M{\"u}nchen, Wien},
  year={2009}
}

@book{tu2010introduction,
  title={An introduction to manifolds},
  author={Tu, Loring W},
  year={2010},
  publisher={Springer Science \& Business Media}
}

@book{bronstein2012taschenbuch,
  title={Taschenbuch der mathematik},
  author={Bronstein, Ilja N and Hromkovic, Juraj and Luderer, Bernd and Schwarz, Hans-Rudolf and Blath, Jochen and Schied, Alexander and Dempe, Stephan and Wanka, Gert and Gottwald, Siegfried and Zeidler, Eberhard and others},
  volume={1},
  year={2012},
  publisher={Springer-Verlag}
}

@book{liberzon2012switching,
  title={Switching in systems and control},
  author={Liberzon, Daniel},
  year={2012},
  publisher={Springer Science \& Business Media}
}

@book{knorrenschild2017numerische,
  title={Numerische Mathematik: Eine beispielorientierte Einf{\"u}hrung},
  author={Knorrenschild, Michael},
  year={2017},
  publisher={Carl Hanser Verlag GmbH Co KG}
}

@article{madsen2004methods,
  title={Methods for non-linear least squares problems},
  author={Madsen, Kaj and Nielsen, Hans Bruun and Tingleff, Ole},
  year={2004}
}

@article{von2015einfuhrung,
  title={Einf{\"u}hrung in die Optimierung},
  author={von Harrach, Bastian},
  journal={Vorlesungsskript der Universit{\"a}t Stuttgart, Stand},
  year={2015}
}

@MastersThesis{MAMoh,
  Title                    = {Combining parameter estimation and identifiabiltiy analysis for mechatronic systems},
  Author                   = {Mohammad Soriful Islam},
  School                   = {Otto-von-Guericke-Universität Magdeburg},
  Year                     = {2016}
}

@Misc{TUM,
  Title                    = {Praktikum Computergestützter Regelungsentwurf-Versuch: Inverses Pendel},

  Author                   = {Technische Universität München},
  Year                     = {Wintersemester}
}

@misc{kunze2016pytrajectory,
  title={PyTrajectory Documentation, 2015},
  author={Kunze, A and Schnabel, O and Knoll, C},
  year={2016}
}

@article{graichen2006inversionsbasierter,
  title={Inversionsbasierter Vorsteuerungsentwurf mit Ein-und Ausgangsbeschr{\"a}nkungen (Inversion-Based Feedforward Control Design under Input and Output Constraints)},
  author={Graichen, Knut and Zeitz, Michael},
  journal={at-Automatisierungstechnik},
  volume={54},
  number={4/2006},
  pages={187--199},
  year={2006}
}

@book{janschek2009systementwurf,
  title={Systementwurf mechatronischer Systeme: Methoden--Modelle--Konzepte},
  author={Janschek, Klaus},
  year={2009},
  publisher={Springer-Verlag}
}

@phdthesis{olfati2001nonlinear,
  title={Nonlinear control of underactuated mechanical systems with application to robotics and aerospace vehicles},
  author={Olfati-Saber, Reza},
  year={2001},
  school={Massachusetts Institute of Technology}
}

@article{spong1995swing,
  title={The swing up control problem for the acrobot},
  author={Spong, Mark W},
  journal={IEEE control systems},
  volume={15},
  number={1},
  pages={49--55},
  year={1995},
  publisher={IEEE}
}

@book{khalil2002nonlinear,
  title={Nonlinear Systems},
  author={Khalil, H.K.},
  isbn={9780130673893},
  lccn={95045804},
  series={Pearson Education},
  url={https://books.google.de/books?id=t\_d1QgAACAAJ},
  year={2002},
  publisher={Prentice Hall}
}

@article{hundfixpunktsatz,
  title={Fixpunktsatz von Brouwer},
  school={Universitaet Bielefeld},
  author={Hund, Christian},
  year={2010}
}

@book{picci2012dynamical,
  title={Dynamical systems, control, coding, computer vision: new trends, interfaces, and interplay},
  author={Picci, Giorgio and Gilliam, David S},
  volume={25},
  year={2012},
  publisher={Birkh{\"a}user}
}

@misc{PyTra,
	title = {Welcome to PyTrajectory’s documentation!},
	howpublished = {\url{https://pytrajectory.readthedocs.io/en/master/#welcome-to-pytrajectory-s-documentation}}
}

@MastersThesis{CK,
  Title                    = {Steuerung und Regelung eines nicht-holonomen Manipulatormodells},
  Author                   = {Carsten Knoll},
  School                   = {Technische Universität Dresden},
  Year                     = {2009}
}

@comment{jabref-meta: selector_review:}

@comment{jabref-meta: selector_publisher:}

@comment{jabref-meta: selector_author:}

@comment{jabref-meta: selector_journal:}

@comment{jabref-meta: selector_keywords:}

