% This file was created with JabRef 2.8.1.
% Encoding: Cp1252

@article{brockett1983asymptotic,
  title={Asymptotic stability and feedback stabilization},
  author={Brockett, Roger W and others},
  journal={Differential geometric control theory},
  volume={27},
  number={1},
  pages={181--191},
  year={1983},
  publisher={Birkhauser, Boston, MA}
}

@article{wilson1967structure,
  title={The structure of the level surfaces of a Lyapunov function},
  author={Wilson, F Wesley},
  journal={Journal of Differential Equations},
  volume={3},
  number={3},
  pages={323--329},
  year={1967},
  publisher={Elsevier}
}

@book{coron2007control,
  title={Control and nonlinearity},
  author={Coron, Jean-Michel},
  number={136},
  year={2007},
  publisher={American Mathematical Soc.}
}

@article{orsi2003necessary,
  title={Necessary conditions for stability and attractivity of continuous systems},
  author={Orsi, Robert and Praly, L and Mareels, Iven},
  journal={International Journal of Control},
  volume={76},
  number={11},
  pages={1070--1077},
  year={2003},
  publisher={Taylor \& Francis}
}

@article{colonius2012nichtlineare,
  title={Nichtlineare Kontrolltheorie Sommersemester 2012},
  author={Colonius, Fritz},
  year={2012}
}

@article{stern2002brockett,
  title={Brockett's stabilization condition under state constraints},
  author={Stern, RJ},
  journal={Systems \& control letters},
  volume={47},
  number={4},
  pages={335--341},
  year={2002},
  publisher={Elsevier}
}

@book{sontag2013mathematical,
  title={Mathematical control theory: deterministic finite dimensional systems},
  author={Sontag, Eduardo D},
  volume={6},
  year={2013},
  publisher={Springer Science \& Business Media}
}

@inproceedings{oriolo1991control,
  title={Control of mechanical systems with second-order nonholonomic constraints: Underactuated manipulators},
  author={Oriolo, Giuseppe and Nakamura, Yoshihiko},
  booktitle={Decision and Control, 1991., Proceedings of the 30th IEEE Conference on},
  pages={2398--2403},
  year={1991},
  organization={IEEE}
}

@book{grosche2003teubner,
  title={Teubner-Taschenbuch der Mathematik},
  author={Grosche, G{\"u}nter and Ziegler, Viktor and Zeidler, Eberhard and Ziegler, Dorothea},
  year={2003},
  publisher={Springer-Verlag}
}

@article{rudin2009analysis,
  title={Analysis, 4},
  author={Rudin, Walter},
  journal={Aufl. Oldenburg, M{\"u}nchen, Wien},
  year={2009}
}

@book{tu2010introduction,
  title={An introduction to manifolds},
  author={Tu, Loring W},
  year={2010},
  publisher={Springer Science \& Business Media}
}

@book{bronstein2012taschenbuch,
  title={Taschenbuch der mathematik},
  author={Bronstein, Ilja N and Hromkovic, Juraj and Luderer, Bernd and Schwarz, Hans-Rudolf and Blath, Jochen and Schied, Alexander and Dempe, Stephan and Wanka, Gert and Gottwald, Siegfried and Zeidler, Eberhard and others},
  volume={1},
  year={2012},
  publisher={Springer-Verlag}
}

@comment{jabref-meta: selector_review:}

@comment{jabref-meta: selector_publisher:}

@comment{jabref-meta: selector_author:}

@comment{jabref-meta: selector_journal:}

@comment{jabref-meta: selector_keywords:}

